\@article{contact,
	author = {Chen, Y.Y. and Jiang, Y.Z. and Guan, X.W. and Zhou, Q.},
	title =  {Critical behaviours of contact near phase transitions},
	journaltitle = {Nature Comm.},
	year = {2014},
	volume = {5}
}


@article{BA,
	author = {Barabási, Albert-László and Albert, Réka}, 
	title = {Emergence of Scaling in Random Networks},
	journaltitle = {Science},
	volume = {286}, 
	number = {5439}, 
	pages = {509-512}, 
	year = {1999}
}


@article{ER,
    author = {Erd\"{o}s, P. and R\'{e}nyi, A.},
    title = {{On the evolution of random graphs}},
    journaltitle = {Publ. Math. Inst. Hung. Acad. Sci},
    volume = {5},
    pages = {17--61},
    year = {1960}
}


@article{ens-aver,
  title = {Ensemble Averageability in Network Spectra},
  author = {Kim, D.-H. and Motter, A. E.},
  journaltitle = {Phys. Rev. Lett.},
  volume = {98},
  issue = {24},
  year = {2007}
}



  	
@article{spectra-srm,
  author={Kühn, R.},
  title={Spectra of sparse random matrices},
  journaltitle={Journal of Physics A: Mathematical and Theoretical},
  volume={41},
  number={29},
  year={2008}
}



@article{newman-size,
  title={Component sizes in networks with arbitrary degree distributions},
  author={Newman, M.E.J.},
  journaltitle={Physical Review E},
  volume={76},
  number={4},
  year={2007}
}


@article{nsw-size,
  author = {Newman, M. E. J. and Strogatz, S. H. and Watts, D. J.},
  title = {Random graphs with arbitrary degree distributions and their applications},
  journaltitle = {Phys. Rev. E},
  volume = {64},
  year = {2001}
}



@article{newman-netw,
	author = {Newman, M. E. J. and Strogatz, S. H. and Watts, D. J.},
	title = {Random graphs as models of networks},
	url = {http://arxiv.org/abs/cond-mat/0202208},
	year = {2002}
}


@article{univ-rm,
  author = {Bandyopadhyay, J. N. and Jalan, S.},
  title = {Universality in complex networks: Random matrix analysis},
  journaltitle = {Phys. Rev. E},
  volume = {76},
  year = {2007}
}


@article{LD-ER,
	author={Engel, A. and Monasson, R. and Hartmann, A.K.},
	title={On Large Deviation Properties of Erdös–Rényi Random Graphs},
	journaltitle = {Journal of Statistical Physics},
	volume={117},
	number={3-4},
	year={2004}
}


@book{bollobas,
  author={Bollob{\'a}s, B{\'e}la},
  title={Random graphs},
  publisher={Springer},
  year={1998}
}


@article{lapl-degree,
  author={Zhan, C. and Chen, G. and Yeung, L. F.},
  title={On the distributions of Laplacian eigenvalues versus node degrees in complex networks},
  journaltitle={Physica A},
  volume={389},
  number={8},
  year={2010}
}


@article{cp-cn,
  author = {Dorogovtsev, S. N. and Goltsev, A. V. and Mendes, J. F. F.},
  title = {Critical phenomena in complex networks},
  journaltitle = {Rev. Mod. Phys.},
  volume = {80},
  year = {2008}
}


@article{scalefree-perc,
  author = {Cohen, Reuven and ben-Avraham, Daniel and Havlin, Shlomo},
  title = {Percolation critical exponents in scale-free networks},
  journaltitle = {Phys. Rev. E},
  volume = {66},
  year = {2002}
}
